<?xml version="1.0" encoding="UTF-8" ?>
<collection xmlns:xsi="http://www.w3.org/2001/XMLSchema-instance"
    xsi:schemaLocation="http://www.loc.gov/MARC21/slim
        http://www.loc.gov/standards/marcxml/schema/MARC21slim.xsd"
    xmlns="http://www.loc.gov/MARC21/slim">
<record>
  <leader>00212cam a2200385 i 4500</leader>
  <controlfield tag="001">b12491913</controlfield>
  <controlfield tag="003">LeBAU</controlfield>
  <controlfield tag="005">20131022</controlfield>
  <controlfield tag="008">970626s1903    le            000 0 ara d</controlfield>
  <datafield tag="035" ind1=" " ind2=" ">
    <subfield code="a">ocn784354101</subfield>
  </datafield>
  <datafield tag="040" ind1=" " ind2=" ">
    <subfield code="a">LEAUB</subfield>
    <subfield code="b">ara</subfield>
    <subfield code="e">rda</subfield>
    <subfield code="c">LEAUB</subfield>
    <subfield code="d">LEAUB</subfield>
  </datafield>
  <datafield tag="082" ind1="0" ind2="4">
    <subfield code="a">492.75</subfield>
    <subfield code="2">22</subfield>
  </datafield>
  <datafield tag="100" ind1="1" ind2=" ">
    <subfield code="6">880-01</subfield>
    <subfield code="a">Khayr Allāh, Ẓāhir,</subfield>
    <subfield code="e">author.</subfield>
  </datafield>
  <datafield tag="245" ind1="1" ind2="0">
    <subfield code="6">880-02</subfield>
    <subfield code="a">Risālat al-maf‘ulah ;</subfield>
    <subfield code="b">wa-yalīhā Maṭlab inqisām jumū‘ al-taksīr ilá mā yushtarak bayn dhī al-ḥayāh wa-ghayrihi wa-mā yakhtaṣṣu bi-dhī al-ḥayāh ; [wa-yalīhā] Risālat Jayyid ; wa-yalīhā Maṭlab al-Fa‘lān bi-fatḥ al-fā’ wa-al-‘ayn wa-al-fu‘lān wa-al-fi‘lān wa-al-fa‘lān bi-sukūn al-‘ayn wa-ḍamm al-fā’ wa-kasrihá wa-fatḥihā.</subfield>
    <subfield code="c">تأليف ظاهر خير الله الشويري.</subfield>
  </datafield>
  <datafield tag="264" ind1=" " ind2="1">
    <subfield code="6">880-03</subfield>
    <subfield code="a">Bayrūt :</subfield>
    <subfield code="b">al-Maṭba‘ah al-Adabīyah,</subfield>
    <subfield code="c">1903.</subfield>
  </datafield>
  <datafield tag="300" ind1=" " ind2=" ">
    <subfield code="6">880-04</subfield>
    <subfield code="a">32, 80 pages ;</subfield>
    <subfield code="c">19 cm</subfield>
  </datafield>
  <datafield tag="336" ind1=" " ind2=" ">
    <subfield code="a">text</subfield>
    <subfield code="b">txt</subfield>
    <subfield code="2">rdacontent</subfield>
  </datafield>
  <datafield tag="337" ind1=" " ind2=" ">
    <subfield code="a">unmediated</subfield>
    <subfield code="b">n</subfield>
    <subfield code="2">rdamedia</subfield>
  </datafield>
  <datafield tag="338" ind1=" " ind2=" ">
    <subfield code="a">volume</subfield>
    <subfield code="b">nc</subfield>
    <subfield code="2">rdacarrier</subfield>
  </datafield>
  <datafield tag="650" ind1=" " ind2="4">
    <subfield code="a">اللغة العربية</subfield>
    <subfield code="x">قواعد.</subfield>
  </datafield>
  <datafield tag="650" ind1=" " ind2="0">
    <subfield code="a">Arabic language</subfield>
    <subfield code="x">Grammar.</subfield>
  </datafield>
  <datafield tag="700" ind1="1" ind2="2">
    <subfield code="6">880-05</subfield>
    <subfield code="a">Khayr Allāh, Ẓāhir.</subfield>
    <subfield code="t">Maṭlab inqisām jumū‘ al-taksīr ilá mā yushtarak bayn dhī al-ḥayāh wa-ghayrihi wa-mā yakhtaṣṣu bi-dhī al-ḥayāh.</subfield>
  </datafield>
  <datafield tag="700" ind1="1" ind2="2">
    <subfield code="6">880-06</subfield>
    <subfield code="a">Khayr Allāh, Ẓāhir.</subfield>
    <subfield code="t">Maṭlab al-Fa‘lān bi-fatḥ al-fā’ wa-al-‘ayn wa-al-fu‘lān wa-al-fi‘lān wa-al-fa‘lān bi-sukūn al-‘ayn wa-ḍamm al-fā’ wa-kasrihá wa-fatḥihā</subfield>
  </datafield>
  <datafield tag="852" ind1=" " ind2=" ">
    <subfield code="a">Jafet Library</subfield>
    <subfield code="e">American University of Beirut, Bliss Street , Beirut, Lebanon.</subfield>
  </datafield>
  <datafield tag="880" ind1="1" ind2=" ">
    <subfield code="6">100-01/(3/r</subfield>
    <subfield code="a">خير الله، ظاهر،</subfield>
    <subfield code="e">مؤلف. </subfield>
    <subfield code="4">aut.</subfield>
  </datafield>
  <datafield tag="880" ind1="1" ind2="0">
    <subfield code="6">245-02/(3/r</subfield>
    <subfield code="a">رسالة المفعلة ؛</subfield>
    <subfield code="b">ويليها مطلب انقسام جموع التكسير الى ما يشترك بين ذي الحياة وغيره وما يختص بذي الحياة ؛ [ويليها] رسالة جيّد ؛ ويليها مطلب الفعلان بفتح الفاء و العين و الفعلان و الفعلان و الفعلان بسكون العين وضمّ الفاء وكسرها وفتحها /</subfield>
  </datafield>
  <datafield tag="880" ind1=" " ind2="1">
    <subfield code="6">264-03/(3/r</subfield>
    <subfield code="a">بيروت :</subfield>
    <subfield code="b">المطبعة الأدبية،</subfield>
    <subfield code="c">1903.</subfield>
  </datafield>
  <datafield tag="880" ind1=" " ind2=" ">
    <subfield code="6">300-04/(3/r</subfield>
    <subfield code="a">32، 80 صفحة ؛</subfield>
    <subfield code="c">19 سم</subfield>
  </datafield>
  <datafield tag="880" ind1="1" ind2="2">
    <subfield code="6">700-05/(3/r</subfield>
    <subfield code="a">خير الله، ظاهر.</subfield>
    <subfield code="t">مطلب انقسام جموع التكسير الى ما يشترك بين ذي الحياة وغيره وما يختص بذي الحياة.</subfield>
  </datafield>
  <datafield tag="880" ind1="1" ind2="2">
    <subfield code="6">700-06/(3/r</subfield>
    <subfield code="a">خير الله، ظاهر.</subfield>
    <subfield code="t">مطلب الفعلان بفتح الفاء والعين والفُعلان والفِعلان والفعْلان بسكون العين وضمّ الفاء وكسرها وفتحها</subfield>
  </datafield>
  <datafield tag="907" ind1=" " ind2=" ">
    <subfield code="a">.b12491913</subfield>
    <subfield code="b">16-03-15</subfield>
    <subfield code="c">11-05-24</subfield>
  </datafield>
  <datafield tag="907" ind1=" " ind2=" ">
    <subfield code="a">.b12491913</subfield>
    <subfield code="b">11-10-11</subfield>
    <subfield code="c">11-05-24</subfield>
  </datafield>
  <datafield tag="945" ind1=" " ind2=" ">
    <subfield code="f">J</subfield>
    <subfield code="a">492.75:K45rA:c.1</subfield>
    <subfield code="g">1</subfield>
    <subfield code="i">01027632</subfield>
    <subfield code="j">.i12984978</subfield>
    <subfield code="l">u0503</subfield>
  </datafield>
  <datafield tag="998" ind1=" " ind2=" ">
    <subfield code="a">u05</subfield>
    <subfield code="b">97-06-26</subfield>
    <subfield code="c">m</subfield>
    <subfield code="d">a</subfield>
    <subfield code="e">-</subfield>
    <subfield code="f">ara</subfield>
    <subfield code="g">le </subfield>
    <subfield code="h">0</subfield>
    <subfield code="i">1</subfield>
  </datafield>
</record>
</collection>
